<?xml version="1.0" encoding="UTF-8"?>
  <record xmlns="http://www.loc.gov/MARC21/slim" type="Authority">
    <leader>00000nz  a2200000nc 4500</leader>
    <controlfield tag="001">118530550</controlfield>
    <controlfield tag="003">DE-101</controlfield>
    <controlfield tag="005">20220309171354.0</controlfield>
    <controlfield tag="008">880701n||azznnaabn           | aaa    |c</controlfield>
    <datafield tag="024" ind1="7" ind2=" ">
      <subfield code="a">118530550</subfield>
      <subfield code="0">http://d-nb.info/gnd/118530550</subfield>
      <subfield code="2">gnd</subfield>
    </datafield>
    <datafield tag="035" ind1=" " ind2=" ">
      <subfield code="a">(DE-101)118530550</subfield>
    </datafield>
    <datafield tag="035" ind1=" " ind2=" ">
      <subfield code="a">(DE-588)118530550</subfield>
    </datafield>
    <datafield tag="035" ind1=" " ind2=" ">
      <subfield code="z">(DE-588)119663929</subfield>
    </datafield>
    <datafield tag="035" ind1=" " ind2=" ">
      <subfield code="z">(DE-588a)119663929</subfield>
      <subfield code="9">v:zg</subfield>
    </datafield>
    <datafield tag="035" ind1=" " ind2=" ">
      <subfield code="z">(DE-588)1089763654</subfield>
    </datafield>
    <datafield tag="035" ind1=" " ind2=" ">
      <subfield code="z">(DE-588)1089929447</subfield>
    </datafield>
    <datafield tag="035" ind1=" " ind2=" ">
      <subfield code="z">(DE-588)158314166</subfield>
    </datafield>
    <datafield tag="035" ind1=" " ind2=" ">
      <subfield code="z">(DE-588)157600297</subfield>
    </datafield>
    <datafield tag="035" ind1=" " ind2=" ">
      <subfield code="z">(DE-588a)157600297</subfield>
      <subfield code="9">v:zg</subfield>
    </datafield>
    <datafield tag="035" ind1=" " ind2=" ">
      <subfield code="z">(DE-588)188009795</subfield>
    </datafield>
    <datafield tag="035" ind1=" " ind2=" ">
      <subfield code="z">(DE-588a)188009795</subfield>
      <subfield code="9">v:zg</subfield>
    </datafield>
    <datafield tag="035" ind1=" " ind2=" ">
      <subfield code="z">(DE-588a)158314166</subfield>
      <subfield code="9">v:zg</subfield>
    </datafield>
    <datafield tag="035" ind1=" " ind2=" ">
      <subfield code="z">(DE-588a)118530550</subfield>
      <subfield code="9">v:zg</subfield>
    </datafield>
    <datafield tag="035" ind1=" " ind2=" ">
      <subfield code="z">(DE-588a)128026898</subfield>
    </datafield>
    <datafield tag="035" ind1=" " ind2=" ">
      <subfield code="z">(DE-588a)127256113</subfield>
    </datafield>
    <datafield tag="035" ind1=" " ind2=" ">
      <subfield code="z">(DE-588c)4015013-6</subfield>
      <subfield code="9">v:zg</subfield>
    </datafield>
    <datafield tag="040" ind1=" " ind2=" ">
      <subfield code="a">DE-101</subfield>
      <subfield code="c">DE-101</subfield>
      <subfield code="9">r:DE-101</subfield>
      <subfield code="b">ger</subfield>
      <subfield code="d">9999</subfield>
    </datafield>
    <datafield tag="042" ind1=" " ind2=" ">
      <subfield code="a">gnd1</subfield>
    </datafield>
    <datafield tag="043" ind1=" " ind2=" ">
      <subfield code="c">XB-SY</subfield>
    </datafield>
    <datafield tag="065" ind1=" " ind2=" ">
      <subfield code="a">3.6p</subfield>
      <subfield code="2">sswd</subfield>
    </datafield>
    <datafield tag="065" ind1=" " ind2=" ">
      <subfield code="a">12.2p</subfield>
      <subfield code="2">sswd</subfield>
    </datafield>
    <datafield tag="075" ind1=" " ind2=" ">
      <subfield code="b">p</subfield>
      <subfield code="2">gndgen</subfield>
    </datafield>
    <datafield tag="075" ind1=" " ind2=" ">
      <subfield code="b">piz</subfield>
      <subfield code="2">gndspec</subfield>
    </datafield>
    <datafield tag="079" ind1=" " ind2=" ">
      <subfield code="a">g</subfield>
      <subfield code="q">s</subfield>
      <subfield code="q">f</subfield>
      <subfield code="q">p</subfield>
      <subfield code="q">a</subfield>
      <subfield code="q">t</subfield>
      <subfield code="u">v</subfield>
      <subfield code="u">w</subfield>
      <subfield code="u">o</subfield>
    </datafield>
    <datafield tag="100" ind1="0" ind2=" ">
      <subfield code="a">Ephraem</subfield>
      <subfield code="c">Syrus</subfield>
      <subfield code="d">306-373</subfield>
    </datafield>
    <datafield tag="377" ind1=" " ind2="7">
      <subfield code="a">syr</subfield>
      <subfield code="2">iso639-2b</subfield>
    </datafield>
    <datafield tag="400" ind1="0" ind2=" ">
      <subfield code="a">Ephraem</subfield>
      <subfield code="c">von Nisibis</subfield>
      <subfield code="d">306-373</subfield>
    </datafield>
    <datafield tag="400" ind1="0" ind2=" ">
      <subfield code="a">Ephraim</subfield>
      <subfield code="c">Syrus</subfield>
      <subfield code="d">306-373</subfield>
    </datafield>
    <datafield tag="400" ind1="0" ind2=" ">
      <subfield code="a">Éphrem</subfield>
      <subfield code="c">le Syrien</subfield>
      <subfield code="d">306-373</subfield>
    </datafield>
    <datafield tag="400" ind1="0" ind2=" ">
      <subfield code="a">Ephraemius</subfield>
      <subfield code="c">Syrus</subfield>
      <subfield code="d">306-373</subfield>
    </datafield>
    <datafield tag="400" ind1="0" ind2=" ">
      <subfield code="a">Ep'rem</subfield>
      <subfield code="c">Sowrb</subfield>
      <subfield code="d">306-373</subfield>
    </datafield>
    <datafield tag="400" ind1="0" ind2=" ">
      <subfield code="a">Ephrem</subfield>
      <subfield code="d">306-373</subfield>
    </datafield>
    <datafield tag="400" ind1="0" ind2=" ">
      <subfield code="a">Efrem</subfield>
      <subfield code="c">Sanctus</subfield>
      <subfield code="d">306-373</subfield>
    </datafield>
    <datafield tag="400" ind1="0" ind2=" ">
      <subfield code="a">Efrem</subfield>
      <subfield code="c">il Siro</subfield>
      <subfield code="d">306-373</subfield>
    </datafield>
    <datafield tag="400" ind1="1" ind2=" ">
      <subfield code="a">Effrem, Joannes</subfield>
      <subfield code="d">306-373</subfield>
    </datafield>
    <datafield tag="400" ind1="1" ind2=" ">
      <subfield code="a">Effrem Sirus, Joannes</subfield>
      <subfield code="d">306-373</subfield>
    </datafield>
    <datafield tag="400" ind1="0" ind2=" ">
      <subfield code="a">Effrem</subfield>
      <subfield code="c">Sirus</subfield>
      <subfield code="d">306-373</subfield>
    </datafield>
    <datafield tag="400" ind1="0" ind2=" ">
      <subfield code="a">Effraem</subfield>
      <subfield code="c">Sirus</subfield>
      <subfield code="d">306-373</subfield>
    </datafield>
    <datafield tag="400" ind1="1" ind2=" ">
      <subfield code="a">Effraem Sirus, Joannes</subfield>
      <subfield code="d">306-373</subfield>
    </datafield>
    <datafield tag="400" ind1="0" ind2=" ">
      <subfield code="a">Ephrem</subfield>
      <subfield code="c">Syrus</subfield>
      <subfield code="d">306-373</subfield>
    </datafield>
    <datafield tag="400" ind1="0" ind2=" ">
      <subfield code="a">Ephrem</subfield>
      <subfield code="c">der Syrer</subfield>
      <subfield code="d">306-373</subfield>
    </datafield>
    <datafield tag="400" ind1="0" ind2=" ">
      <subfield code="a">Mar Aphrem</subfield>
      <subfield code="d">306-373</subfield>
    </datafield>
    <datafield tag="400" ind1="0" ind2=" ">
      <subfield code="a">Mar Ephrem</subfield>
      <subfield code="d">306-373</subfield>
    </datafield>
    <datafield tag="400" ind1="0" ind2=" ">
      <subfield code="a">Aphrem</subfield>
      <subfield code="d">306-373</subfield>
    </datafield>
    <datafield tag="400" ind1="0" ind2=" ">
      <subfield code="a">Aphrem</subfield>
      <subfield code="c">der Syrer</subfield>
      <subfield code="d">306-373</subfield>
    </datafield>
    <datafield tag="400" ind1="0" ind2=" ">
      <subfield code="a">Afrem</subfield>
      <subfield code="c">der Syrer</subfield>
      <subfield code="d">306-373</subfield>
    </datafield>
    <datafield tag="400" ind1="0" ind2=" ">
      <subfield code="a">Ephräm</subfield>
      <subfield code="c">der Syrer</subfield>
      <subfield code="d">306-373</subfield>
      <subfield code="9">v:R:RAK-ÖB</subfield>
    </datafield>
    <datafield tag="400" ind1="0" ind2=" ">
      <subfield code="a">Efrem</subfield>
      <subfield code="d">306-373</subfield>
    </datafield>
    <datafield tag="400" ind1="0" ind2=" ">
      <subfield code="a">Ephraem</subfield>
      <subfield code="d">306-373</subfield>
    </datafield>
    <datafield tag="400" ind1="1" ind2=" ">
      <subfield code="a">Ephraim, S.</subfield>
      <subfield code="d">306-373</subfield>
    </datafield>
    <datafield tag="400" ind1="0" ind2=" ">
      <subfield code="a">Ephraim</subfield>
      <subfield code="c">S.</subfield>
      <subfield code="d">306-373</subfield>
    </datafield>
    <datafield tag="400" ind1="0" ind2=" ">
      <subfield code="a">S. Ephraim</subfield>
      <subfield code="d">306-373</subfield>
    </datafield>
    <datafield tag="400" ind1="0" ind2=" ">
      <subfield code="a">Effrem</subfield>
      <subfield code="d">306-373</subfield>
    </datafield>
    <datafield tag="400" ind1="0" ind2=" ">
      <subfield code="a">Effrem</subfield>
      <subfield code="c">santo</subfield>
      <subfield code="d">306-373</subfield>
    </datafield>
    <datafield tag="400" ind1="0" ind2=" ">
      <subfield code="a">Effrem</subfield>
      <subfield code="c">Syrus</subfield>
      <subfield code="d">306-373</subfield>
    </datafield>
    <datafield tag="400" ind1="0" ind2=" ">
      <subfield code="a">Efrem</subfield>
      <subfield code="c">Sirin</subfield>
      <subfield code="d">306-373</subfield>
    </datafield>
    <datafield tag="400" ind1="0" ind2=" ">
      <subfield code="a">Efrem św.</subfield>
      <subfield code="d">306-373</subfield>
      <subfield code="9">v:poln. Namensform</subfield>
    </datafield>
    <datafield tag="400" ind1="0" ind2=" ">
      <subfield code="a">Ep'rem</subfield>
      <subfield code="c">Asori</subfield>
      <subfield code="d">306-373</subfield>
    </datafield>
    <datafield tag="400" ind1="0" ind2=" ">
      <subfield code="a">Ep̕rem</subfield>
      <subfield code="c">Asuri</subfield>
      <subfield code="d">306-373</subfield>
    </datafield>
    <datafield tag="400" ind1="0" ind2=" ">
      <subfield code="a">Ephraem</subfield>
      <subfield code="c">Sanctus</subfield>
      <subfield code="d">306-373</subfield>
    </datafield>
    <datafield tag="400" ind1="0" ind2=" ">
      <subfield code="a">Ephraem</subfield>
      <subfield code="c">Theologus</subfield>
      <subfield code="d">306-373</subfield>
    </datafield>
    <datafield tag="400" ind1="0" ind2=" ">
      <subfield code="a">Ephraem</subfield>
      <subfield code="c">Graecus</subfield>
      <subfield code="d">306-373</subfield>
    </datafield>
    <datafield tag="400" ind1="0" ind2=" ">
      <subfield code="a">Ephraem</subfield>
      <subfield code="c">der Syrer</subfield>
      <subfield code="d">306-373</subfield>
    </datafield>
    <datafield tag="400" ind1="0" ind2=" ">
      <subfield code="a">Ephraem</subfield>
      <subfield code="c">der Heilige</subfield>
      <subfield code="d">306-373</subfield>
    </datafield>
    <datafield tag="400" ind1="0" ind2=" ">
      <subfield code="a">Ephraem</subfield>
      <subfield code="c">von Syrien</subfield>
      <subfield code="d">306-373</subfield>
    </datafield>
    <datafield tag="400" ind1="0" ind2=" ">
      <subfield code="a">Ephraemus</subfield>
      <subfield code="c">Sanctus</subfield>
      <subfield code="d">306-373</subfield>
    </datafield>
    <datafield tag="400" ind1="0" ind2=" ">
      <subfield code="a">Ephraim</subfield>
      <subfield code="c">der Syrer</subfield>
      <subfield code="d">306-373</subfield>
    </datafield>
    <datafield tag="400" ind1="0" ind2=" ">
      <subfield code="a">Ephrem</subfield>
      <subfield code="c">saint</subfield>
      <subfield code="d">306-373</subfield>
      <subfield code="9">v:franz. Namensform</subfield>
    </datafield>
    <datafield tag="400" ind1="0" ind2=" ">
      <subfield code="a">Ephrem</subfield>
      <subfield code="c">le Syrien</subfield>
      <subfield code="d">306-373</subfield>
    </datafield>
    <datafield tag="400" ind1="0" ind2=" ">
      <subfield code="a">Ephrem</subfield>
      <subfield code="c">di Nisibe</subfield>
      <subfield code="d">306-373</subfield>
    </datafield>
    <datafield tag="400" ind1="0" ind2=" ">
      <subfield code="a">Ephrem</subfield>
      <subfield code="c">de Nisibe</subfield>
      <subfield code="d">306-373</subfield>
    </datafield>
    <datafield tag="400" ind1="0" ind2=" ">
      <subfield code="a">Saint Éphrem de Nisibe</subfield>
      <subfield code="d">306-373</subfield>
    </datafield>
    <datafield tag="400" ind1="0" ind2=" ">
      <subfield code="a">Éphrem</subfield>
      <subfield code="c">de Nisibe</subfield>
      <subfield code="d">306-373</subfield>
      <subfield code="9">v:franz. Namensform</subfield>
    </datafield>
    <datafield tag="400" ind1="0" ind2=" ">
      <subfield code="a">St. Ephrem the Syrian</subfield>
      <subfield code="d">306-373</subfield>
    </datafield>
    <datafield tag="400" ind1="1" ind2=" ">
      <subfield code="a">Syrus, Ephraemus</subfield>
      <subfield code="d">306-373</subfield>
    </datafield>
    <datafield tag="400" ind1="1" ind2=" ">
      <subfield code="a">Nisibe, Saint Éphrem &#152;de&#156;</subfield>
      <subfield code="d">306-373</subfield>
    </datafield>
    <datafield tag="400" ind1="1" ind2=" ">
      <subfield code="a">Éphrem, Saint</subfield>
      <subfield code="d">306-373</subfield>
    </datafield>
    <datafield tag="400" ind1="0" ind2=" ">
      <subfield code="a">Ephraem</subfield>
      <subfield code="c">Diaconus</subfield>
      <subfield code="d">306-373</subfield>
    </datafield>
    <datafield tag="400" ind1="0" ind2=" ">
      <subfield code="a">Ephraem</subfield>
      <subfield code="c">Edessenus</subfield>
      <subfield code="d">306-373</subfield>
    </datafield>
    <datafield tag="400" ind1="0" ind2=" ">
      <subfield code="a">Ephraem</subfield>
      <subfield code="c">Eremita</subfield>
      <subfield code="d">306-373</subfield>
    </datafield>
    <datafield tag="400" ind1="0" ind2=" ">
      <subfield code="a">Ephraem</subfield>
      <subfield code="c">Scriptor Ecclesiasticus</subfield>
      <subfield code="d">306-373</subfield>
    </datafield>
    <datafield tag="400" ind1="0" ind2=" ">
      <subfield code="a">Ephraim</subfield>
      <subfield code="c">the Syrian</subfield>
      <subfield code="d">306-373</subfield>
    </datafield>
    <datafield tag="400" ind1="0" ind2=" ">
      <subfield code="a">Ephrem</subfield>
      <subfield code="c">le Syrien</subfield>
      <subfield code="d">306-373</subfield>
    </datafield>
    <datafield tag="400" ind1="0" ind2=" ">
      <subfield code="a">Ephraem</subfield>
      <subfield code="c">Latinus</subfield>
      <subfield code="d">306-373</subfield>
    </datafield>
    <datafield tag="400" ind1="0" ind2=" ">
      <subfield code="a">Pseudo-Ephraem</subfield>
      <subfield code="c">Syrus</subfield>
      <subfield code="d">306-373</subfield>
    </datafield>
    <datafield tag="400" ind1="0" ind2=" ">
      <subfield code="a">Pseudo-Ephrem</subfield>
      <subfield code="d">306-373</subfield>
    </datafield>
    <datafield tag="400" ind1="0" ind2=" ">
      <subfield code="a">Ephrem</subfield>
      <subfield code="c">the Syrian</subfield>
      <subfield code="d">306-373</subfield>
    </datafield>
    <datafield tag="400" ind1="0" ind2=" ">
      <subfield code="a">Ephräm</subfield>
      <subfield code="c">von Syrien</subfield>
      <subfield code="d">306-373</subfield>
    </datafield>
    <datafield tag="400" ind1="0" ind2=" ">
      <subfield code="a">Afrēm</subfield>
      <subfield code="d">306-373</subfield>
    </datafield>
    <datafield tag="400" ind1="0" ind2=" ">
      <subfield code="a">Ephraem</subfield>
      <subfield code="c">Syrus, saint</subfield>
      <subfield code="d">306-373</subfield>
    </datafield>
    <datafield tag="400" ind1="0" ind2=" ">
      <subfield code="a">Ephremus</subfield>
      <subfield code="c">Syrus</subfield>
      <subfield code="d">306-373</subfield>
    </datafield>
    <datafield tag="400" ind1="0" ind2=" ">
      <subfield code="a">Yeprem</subfield>
      <subfield code="d">306-373</subfield>
    </datafield>
    <datafield tag="400" ind1="0" ind2=" ">
      <subfield code="a">Yeprem</subfield>
      <subfield code="c">Asori</subfield>
      <subfield code="d">306-373</subfield>
    </datafield>
    <datafield tag="400" ind1="0" ind2=" ">
      <subfield code="a">Éphrem</subfield>
      <subfield code="c">saint</subfield>
      <subfield code="d">306-373</subfield>
    </datafield>
    <datafield tag="548" ind1=" " ind2=" ">
      <subfield code="a">306-373</subfield>
      <subfield code="4">datl</subfield>
      <subfield code="4">https://d-nb.info/standards/elementset/gnd#dateOfBirthAndDeath</subfield>
      <subfield code="w">r</subfield>
      <subfield code="i">Lebensdaten</subfield>
      <subfield code="9">v:Geburtsjahr 300/306</subfield>
    </datafield>
    <datafield tag="550" ind1=" " ind2=" ">
      <subfield code="0">(DE-101)040307522</subfield>
      <subfield code="0">(DE-588)4030752-9</subfield>
      <subfield code="0">https://d-nb.info/gnd/4030752-9</subfield>
      <subfield code="a">Kirchenschriftsteller</subfield>
      <subfield code="4">berc</subfield>
      <subfield code="4">https://d-nb.info/standards/elementset/gnd#professionOrOccupation</subfield>
      <subfield code="w">r</subfield>
      <subfield code="i">Charakteristischer Beruf</subfield>
    </datafield>
    <datafield tag="550" ind1=" " ind2=" ">
      <subfield code="0">(DE-101)04024055X</subfield>
      <subfield code="0">(DE-588)4024055-1</subfield>
      <subfield code="0">https://d-nb.info/gnd/4024055-1</subfield>
      <subfield code="a">Heiliger</subfield>
      <subfield code="4">obin</subfield>
      <subfield code="4">https://d-nb.info/standards/elementset/gnd#broaderTermInstantial</subfield>
      <subfield code="w">r</subfield>
      <subfield code="i">Oberbegriff instantiell</subfield>
    </datafield>
    <datafield tag="551" ind1=" " ind2=" ">
      <subfield code="0">(DE-101)041179579</subfield>
      <subfield code="0">(DE-588)4117957-2</subfield>
      <subfield code="0">https://d-nb.info/gnd/4117957-2</subfield>
      <subfield code="a">Nusaybin</subfield>
      <subfield code="4">ortg</subfield>
      <subfield code="4">https://d-nb.info/standards/elementset/gnd#placeOfBirth</subfield>
      <subfield code="w">r</subfield>
      <subfield code="i">Geburtsort</subfield>
    </datafield>
    <datafield tag="551" ind1=" " ind2=" ">
      <subfield code="0">(DE-101)040855309</subfield>
      <subfield code="0">(DE-588)4085530-2</subfield>
      <subfield code="0">https://d-nb.info/gnd/4085530-2</subfield>
      <subfield code="a">Edessa</subfield>
      <subfield code="4">orts</subfield>
      <subfield code="4">https://d-nb.info/standards/elementset/gnd#placeOfDeath</subfield>
      <subfield code="w">r</subfield>
      <subfield code="i">Sterbeort</subfield>
    </datafield>
    <datafield tag="667" ind1=" " ind2=" ">
      <subfield code="a">12</subfield>
    </datafield>
    <datafield tag="667" ind1=" " ind2=" ">
      <subfield code="a">7</subfield>
    </datafield>
    <datafield tag="667" ind1=" " ind2=" ">
      <subfield code="a">384</subfield>
    </datafield>
    <datafield tag="667" ind1=" " ind2=" ">
      <subfield code="a">12-PAN</subfield>
    </datafield>
    <datafield tag="667" ind1=" " ind2=" ">
      <subfield code="a">VD-17</subfield>
    </datafield>
    <datafield tag="667" ind1=" " ind2=" ">
      <subfield code="a">TITAN</subfield>
    </datafield>
    <datafield tag="667" ind1=" " ind2=" ">
      <subfield code="a">Früher fälschlicherweise als Autor von Mĕʿāraṯ gazzē angesehen</subfield>
    </datafield>
    <datafield tag="670" ind1=" " ind2=" ">
      <subfield code="a">Paulys RE</subfield>
      <subfield code="u">https://de.wikisource.org/wiki/RE:Ephraim_Syrus</subfield>
    </datafield>
    <datafield tag="670" ind1=" " ind2=" ">
      <subfield code="a">Wikipedia</subfield>
      <subfield code="u">https://de.wikipedia.org/wiki/Ephr%C3%A4m_der_Syrer#Werke</subfield>
    </datafield>
    <datafield tag="672" ind1=" " ind2="0">
      <subfield code="a">Ephraem &lt;Syrus&gt;: Opera omnia. - 1732 - 1746</subfield>
    </datafield>
    <datafield tag="672" ind1=" " ind2="0">
      <subfield code="a">Ephraem &lt;Syrus&gt;: Sanctus Ephraem Syrus</subfield>
      <subfield code="f">1709</subfield>
    </datafield>
    <datafield tag="672" ind1=" " ind2="0">
      <subfield code="a">Ephraem &lt;Syrus&gt;: Libri de compunctione cordis</subfield>
      <subfield code="f">1524</subfield>
    </datafield>
    <datafield tag="672" ind1=" " ind2="0">
      <subfield code="a">Ephraem &lt;Syrus&gt;: Libri de compunctione cordis. - s.a.</subfield>
    </datafield>
    <datafield tag="672" ind1=" " ind2="0">
      <subfield code="a">Ephraem &lt;Syrus&gt;: Opera omnia. - 1589 - 1593</subfield>
    </datafield>
    <datafield tag="672" ind1=" " ind2="0">
      <subfield code="a">Ephraem &lt;Syrus&gt;: Opera omnia. - 1589 - 1598</subfield>
    </datafield>
    <datafield tag="672" ind1=" " ind2="0">
      <subfield code="a">Ephraem &lt;Syrus&gt;: Opera omnia</subfield>
      <subfield code="f">1603</subfield>
    </datafield>
    <datafield tag="672" ind1=" " ind2="0">
      <subfield code="a">Ephraem &lt;Syrus&gt;: Opera omnia</subfield>
      <subfield code="f">1616</subfield>
    </datafield>
    <datafield tag="672" ind1=" " ind2="0">
      <subfield code="a">Ephraem &lt;Syrus&gt;: Opera omnia</subfield>
      <subfield code="f">1619</subfield>
    </datafield>
    <datafield tag="672" ind1=" " ind2="0">
      <subfield code="a">Ephraem &lt;Syrus&gt;: Opera omnia</subfield>
      <subfield code="f">1675</subfield>
    </datafield>
    <datafield tag="672" ind1=" " ind2="0">
      <subfield code="a">Diadochus &lt;von Photike&gt;: De perfectione spirituali. 1585. (VD16 ZV 4501)</subfield>
    </datafield>
    <datafield tag="672" ind1=" " ind2="0">
      <subfield code="a">Ephraim Syrus: Joannis Effrem: Siri: Edessene ecclesie diacõi: Sermones tam pii quam sctĩ.per Ambrosiu\[m] ... 1509. (VD16 E 1579)</subfield>
    </datafield>
    <datafield tag="672" ind1=" " ind2="0">
      <subfield code="a">Ephraim Syrus: Monita sive praecepta christianae vitae. 1563. (VD16 E 1578)</subfield>
    </datafield>
    <datafield tag="672" ind1=" " ind2="0">
      <subfield code="a">Ephraim Syrus: Opera. 1547. (VD16 ZV 5080)</subfield>
    </datafield>
    <datafield tag="672" ind1=" " ind2="0">
      <subfield code="a">Ephraim Syrus: Vita sancti Ephraem. 1562. (VD16 E 1576)</subfield>
    </datafield>
    <datafield tag="678" ind1=" " ind2=" ">
      <subfield code="b">Syrischer Kirchenschriftsteller und Heiliger</subfield>
    </datafield>
    <datafield tag="913" ind1=" " ind2=" ">
      <subfield code="S">pnd</subfield>
      <subfield code="i">5</subfield>
      <subfield code="a">Ephraem &lt;Syrus&gt;</subfield>
      <subfield code="0">(DE-588a)118530550</subfield>
    </datafield>
    <datafield tag="913" ind1=" " ind2=" ">
      <subfield code="S">pnd</subfield>
      <subfield code="i">a</subfield>
      <subfield code="a">Syrus, Ephraem</subfield>
      <subfield code="0">(DE-588a)158314166</subfield>
    </datafield>
    <datafield tag="913" ind1=" " ind2=" ">
      <subfield code="S">pnd</subfield>
      <subfield code="i">5</subfield>
      <subfield code="a">Ephraem &lt;Syrus&gt;</subfield>
      <subfield code="0">(DE-588a)188009795</subfield>
    </datafield>
    <datafield tag="913" ind1=" " ind2=" ">
      <subfield code="S">pnd</subfield>
      <subfield code="i">5</subfield>
      <subfield code="a">Ephraem Syrus</subfield>
      <subfield code="0">(DE-588a)157600297</subfield>
    </datafield>
    <datafield tag="913" ind1=" " ind2=" ">
      <subfield code="S">pnd</subfield>
      <subfield code="i">5</subfield>
      <subfield code="a">Ephraim Syrus</subfield>
      <subfield code="0">(DE-588a)119663929</subfield>
    </datafield>
  </record>
